<?xml version="1.0" encoding="utf-8"?>
<record xmlns="http://www.loc.gov/MARC21/slim" xmlns:xsi="http://www.w3.org/2001/XMLSchema-instance" xsi:schemaLocation="http://www.loc.gov/MARC21/slim http://www.loc.gov/standards/marcxml/schema/MARC21slim.xsd">
	<leader>     nam a22     Mi 4500</leader>
	<controlfield tag="001">b14013769</controlfield>
	<controlfield tag="003">UaCaAUL</controlfield>
	<controlfield tag="006">m        d        </controlfield>
	<controlfield tag="007">cr cn |||m|||a</controlfield>
	<controlfield tag="008">190222s1932    ua      o     000 0barard</controlfield>
	<datafield ind1=" " ind2=" " tag="040">
		<subfield code="a">ZYU</subfield>
		<subfield code="b">ara</subfield>
		<subfield code="e">rda</subfield>
		<subfield code="c">ZYU</subfield>
	</datafield>
	<datafield ind1=" " ind2="4" tag="050">
		<subfield code="a">BP80.A2264</subfield>
		<subfield code="b">M34x 1932</subfield>
	</datafield>
	<datafield ind1="0" ind2=" " tag="100">
		<subfield code="6">880-01</subfield>
		<subfield code="a">Malik al-Muʻaẓẓam ʻĪsá Sharaf al-Dīn al-Ayyūbī,</subfield>
		<subfield code="c">Sultan of Syria,</subfield>
		<subfield code="d">1180-1227.</subfield>
	</datafield>
	<datafield ind1="1" ind2="0" tag="240">
		<subfield code="6">880-02</subfield>
		<subfield code="a">Radd ʻalá Abī Bakr al-Khaṭīb al-Baghdādī</subfield>
	</datafield>
	<datafield ind1="1" ind2="0" tag="245">
		<subfield code="6">880-03</subfield>
		<subfield code="a">Kitāb al-radd ʻalá Abī Bakr al-Khaṭīb al-Baghdādī :</subfield>
		<subfield code="b">fī-mā dhakara fī tārīkhihi fī tarjamat al-Imām Sirāj al-Ummah Abī Ḥanīfah al-Nuʻmān ibn Thābit /</subfield>
		<subfield code="c">lil-Sulṭān al-Malik Abī al-Muẓaffar ʻĪsá ibn al-Malik al-ʻĀdil Sayf al-Dīn Abī Bakr ibn Ayyūb al-Ḥanafī.</subfield>
	</datafield>
	<datafield ind1="3" ind2=" " tag="246">
		<subfield code="6">880-04</subfield>
		<subfield code="a">Radd ʻalá Abī Bakr al-Khaṭīb al-Baghdādī</subfield>
	</datafield>
	<datafield ind1=" " ind2=" " tag="250">
		<subfield code="6">880-05</subfield>
		<subfield code="a">al-Ṭabʻah 1.</subfield>
	</datafield>
	<datafield ind1=" " ind2=" " tag="260">
		<subfield code="a">[Cairo] :</subfield>
		<subfield code="b">Maṭbaʻat al-Saʻādah,</subfield>
		<subfield code="c">1932.</subfield>
	</datafield>
	<datafield ind1=" " ind2=" " tag="300">
		<subfield code="a">online resource (184 pages)</subfield>
	</datafield>
	<datafield ind1=" " ind2=" " tag="336">
		<subfield code="a">text</subfield>
		<subfield code="2">rdacontent</subfield>
	</datafield>
	<datafield ind1=" " ind2=" " tag="337">
		<subfield code="a">computer</subfield>
		<subfield code="2">rdamedia</subfield>
	</datafield>
	<datafield ind1=" " ind2=" " tag="338">
		<subfield code="a">online resource</subfield>
		<subfield code="2">rdacarrier</subfield>
	</datafield>
	<datafield ind1=" " ind2=" " tag="500">
		<subfield code="a">Part of the Arabic Collections Online (ACO) project, contributed by American University in Cairo Library.</subfield>
	</datafield>
	<datafield ind1=" " ind2=" " tag="533">
		<subfield code="a">Electronic reproduction.</subfield>
		<subfield code="b">New York, N.Y. :</subfield>
		<subfield code="c">New York University,</subfield>
		<subfield code="d">2019.</subfield>
		<subfield code="5">NNU</subfield>
	</datafield>
	<datafield ind1="0" ind2="0" tag="600">
		<subfield code="a">Abū Ḥanīfah,</subfield>
		<subfield code="d">-767 or 768.</subfield>
	</datafield>
	<datafield ind1="1" ind2="0" tag="600">
		<subfield code="a">Khaṭīb al-Baghdādī, Abū Bakr Aḥmad ibn ʻAlī,</subfield>
		<subfield code="d">1002-1071.</subfield>
		<subfield code="t">Tārīkh Baghdād.</subfield>
	</datafield>
	<datafield ind1="0" ind2="7" tag="600">
		<subfield code="a">Abū Ḥanīfah,</subfield>
		<subfield code="d">-767 or 768</subfield>
		<subfield code="2">fast</subfield>
		<subfield code="0">(OCoLC)fst01803236</subfield>
	</datafield>
	<datafield ind1="0" ind2="7" tag="630">
		<subfield code="a">Tārīkh Baghdād (Khaṭīb al-Baghdādī, Abū Bakr Aḥmad ibn ʻAlī)</subfield>
		<subfield code="2">fast</subfield>
		<subfield code="0">(OCoLC)fst01356332</subfield>
	</datafield>
	<datafield ind1="2" ind2=" " tag="710">
		<subfield code="a">American University in Cairo.</subfield>
		<subfield code="b">Library.</subfield>
	</datafield>
	<datafield ind1="0" ind2=" " tag="730">
		<subfield code="a">Arabic Collections Online.</subfield>
	</datafield>
	<datafield ind1="0" ind2="8" tag="776">
		<subfield code="i">Online version:</subfield>
		<subfield code="a">Malik al-Muʻaẓẓam ʻĪsá Sharaf al-Dīn al-Ayyūbī, Sultan of Syria, 1180-1227.</subfield>
		<subfield code="s">Radd ʻalá Abī Bakr al-Khaṭīb al-Baghdādī.</subfield>
		<subfield code="t">Kitāb al-radd ʻalá Abī Bakr al-Khaṭīb al-Baghdādī.</subfield>
		<subfield code="b">al-Ṭabʻah 1.</subfield>
		<subfield code="d">[Cairo] : Maṭbaʻat al-Saʻādah, 1932</subfield>
		<subfield code="w">(OCoLC)654503477</subfield>
	</datafield>
	<datafield ind1="0" ind2="8" tag="776">
		<subfield code="i">Print version:</subfield>
		<subfield code="a">Malik al-Muʻaẓẓam ʻĪsá Sharaf al-Dīn al-Ayyūbī, Sultan of Syria, 1180-1227.</subfield>
		<subfield code="t">Kitāb al-radd ʻalá Abī Bakr al-Khaṭīb al-Baghdādī</subfield>
		<subfield code="w">(UaCaAUL)b14013769</subfield>
		<subfield code="w">(OCoLC)23915906</subfield>
	</datafield>
	<datafield ind1="4" ind2="0" tag="856">
		<subfield code="u">http://hdl.handle.net/2333.1/cz8w9qkq</subfield>
	</datafield>
	<datafield ind1="0" ind2=" " tag="880">
		<subfield code="6">100-01</subfield>
		<subfield code="a">ملك معظم عيسى شرف الدين الأيوبي،</subfield>
		<subfield code="c">سلطان دمشق،</subfield>
		<subfield code="c">1180-1227.</subfield>
	</datafield>
	<datafield ind1="1" ind2="0" tag="880">
		<subfield code="6">240-02</subfield>
		<subfield code="a">رد على ابي بكر الخطيب البغدادي</subfield>
	</datafield>
	<datafield ind1="1" ind2="0" tag="880">
		<subfield code="6">245-03</subfield>
		<subfield code="a">كتاب الرد على ابي بكر الخطيب البغدادي :</subfield>
		<subfield code="b">فيما ذكر في تاريخه في ترجمة الامام سراج الأمة ابي حنيفة النعمان بن ثابت /</subfield>
		<subfield code="c">للسلطان الملك ابي المظفر عيسى ابن الملك العادل سيف الدين ابي بكر ايوب الحنفي. وجعل ملحقا للجزء الثالث عشر من تاريخ بغداد لورود ترجمة ابي حنيفة فيه.</subfield>
	</datafield>
	<datafield ind1="3" ind2=" " tag="880">
		<subfield code="6">246-04</subfield>
		<subfield code="a">سهم المصيب في كبد الخطيب</subfield>
	</datafield>
	<datafield ind1=" " ind2=" " tag="880">
		<subfield code="6">250-05</subfield>
		<subfield code="a">الطبعة 1.</subfield>
	</datafield>
	<datafield ind1=" " ind2=" " tag="880">
		<subfield code="6">260-00</subfield>
		<subfield code="a">[القاهرة] :</subfield>
		<subfield code="b">مطبعة السعادة،</subfield>
		<subfield code="c">1351.</subfield>
	</datafield>
	<datafield ind1=" " ind2=" " tag="959">
		<subfield code="a">NNU</subfield>
		<subfield code="b">WEB</subfield>
		<subfield code="c">GENI</subfield>
		<subfield code="t">0</subfield>
		<subfield code="m">Electronic access</subfield>
		<subfield code="s">01</subfield>
	</datafield>
	<datafield ind1=" " ind2=" " tag="999">
		<subfield code="i">UaCaAUL_b14013769</subfield>
		<subfield code="o">(OCoLC)ocm23915906 </subfield>
		<subfield code="s">auc_aco000438</subfield>
		<subfield code="e">(ERROR-880)</subfield>
	</datafield>
</record>
